<?xml version="1.0" encoding="UTF-8"?><collection><record><leader>06909ntm a2200613 a 4500</leader><controlfield tag="001">006805782</controlfield><controlfield tag="003">MiAaHDL</controlfield><controlfield tag="005">20190719000000.0</controlfield><controlfield tag="006">m        d        </controlfield><controlfield tag="007">cr bn ---auaua</controlfield><controlfield tag="008">090602s1849    ir            00| ||per d</controlfield><datafield tag="035" ind1=" " ind2=" "><subfield code="a">(MiU)006805782</subfield></datafield><datafield tag="035" ind1=" " ind2=" "><subfield code="a">sdr-miu006805782</subfield></datafield><datafield tag="040" ind1=" " ind2=" "><subfield code="a">MiU</subfield><subfield code="c">MiU</subfield><subfield code="e">amremm</subfield></datafield><datafield tag="043" ind1=" " ind2=" "><subfield code="a">n-us-mi</subfield></datafield><datafield tag="100" ind1="1" ind2=" "><subfield code="6">880-01</subfield><subfield code="a">Anvarī, Awḥad al-Dīn,</subfield><subfield code="d">-1189 or 1190.</subfield></datafield><datafield tag="245" ind1="1" ind2="0"><subfield code="6">880-02</subfield><subfield code="a">Dīvān-i Anvarī,</subfield><subfield code="f">[1265, i.e. 1849].</subfield></datafield><datafield tag="246" ind1="3" ind2=" "><subfield code="6">880-03</subfield><subfield code="i">Edge title (head and foredge):</subfield><subfield code="a">هذا دیوان انوری</subfield></datafield><datafield tag="246" ind1="3" ind2=" "><subfield code="a">ديوان انورى</subfield></datafield><datafield tag="260" ind1=" " ind2=" "><subfield code="a">[Ashtān?,</subfield><subfield code="c">1849].</subfield></datafield><datafield tag="300" ind1=" " ind2=" "><subfield code="a">227 leaves :</subfield><subfield code="b">paper ;</subfield><subfield code="c">209 x 123 (153 x 73) mm. bound to 211 x 127 mm.</subfield></datafield><datafield tag="500" ind1=" " ind2=" "><subfield code="a">Shelfmark: Ann Arbor, University of Michigan, Special Collections Library, Isl. Ms. 283</subfield></datafield><datafield tag="500" ind1=" " ind2=" "><subfield code="a">Origin: As appears in colophon on fol.227a (p.453), copied (حرره) by Muḥammad Taqī in the village of Ashtān [?] (در قصبه اشتان). Transcription finished 7th Ramaḍān 1265 [ca. 27 July 1849].</subfield></datafield><datafield tag="500" ind1=" " ind2=" "><subfield code="a">Accompanying materials: Slip of laid paper with writing ; on one side in black ink, what appears to be a list of books, works ; on the other side in red and black ink, notes on grammar.</subfield></datafield><datafield tag="500" ind1=" " ind2=" "><subfield code="a">Binding: Pasteboards faced in red leather with spine, edges / turn-ins, doublures and doublure hinges in rich, green-blue (teal) leather (leather faced and edged framed binding) ; Type III binding (without flap) though not flush with this text block ; two-piece binding (seam of overlapping flanges visible at spine) ; upper and lower covers bear central scalloped mandorla and pendants, blind-stamped with recessed onlays in green (reminiscent of oxidized "gold" paint) and traces of gold paint on floral design within ; border composed of a series of s-shaped stamps, gold painted and flanked by gold fillets ; sewn in green thread, two stations ; fine chevron endbands in purple and green ; in good condition with some minor abrasion, wear at corners, staining, etc.</subfield></datafield><datafield tag="500" ind1=" " ind2=" "><subfield code="a">Support: Machine wove paper of a few different types, all fairly thick, well-burnished ; watermarks / countermarks include Cyrillic "Г г С" (large letters in script, see p.8, 16, 24, 122, etc.), possible Cyrillic "К Я" (in p.158 etc.), Cyrillic "A Б" (p.202, 402, 404, 432, 442, etc. and cf. example in Klepikov p.38 dated 1851), and possible numerals 1 8 (p.424 etc.) 4 6 (p.400, 420 etc.) suggesting year 1846 ; embossed mark in p.233, 247, 322, 447, etc. (oval with only trace of border inscription, etc.) ; some staining, moisture damage, ink smudges ; tacky ink has resulted in blocking in some places.</subfield></datafield><datafield tag="500" ind1=" " ind2=" "><subfield code="a">Decoration: Illuminated headpiece (ʻunwān) on fol.1b (p.2) consisting of narrow rectangular panel with cartouche bearing the basmalah surmounted by scalloped w-shaped piece with swirling floral vegetal design in light blue, pink, orange, red, pistachio and white, on a field of gold with lapis lazuli accents ; above the piece stand vertical stalks (tigh) in blue ; the piece is framed in a well consisting of a heavy red band with scalloped decoration in white, flanked by bands of pistachio and gold ; text throughout is ruled in a simple frame consisting of a narrow gold band outlined in black fillets with an outermost blue fillet and at some distance in the margin a second blue fillet ; text rubricated with section headings, overlinings, etc. in red.</subfield></datafield><datafield tag="500" ind1=" " ind2=" "><subfield code="a">Script: Nastaʻlīq ; small, elegant Persianate hand in medium line ; sans serif with characteristic descent of words to baseline, superscripting of final letters and words, elongation of horizontal strokes, pointing in distinct dots.</subfield></datafield><datafield tag="500" ind1=" " ind2=" "><subfield code="a">Layout: Written in 25 lines per page ; single column divided to two columns to set off poetry ; frame-ruled.</subfield></datafield><datafield tag="500" ind1=" " ind2=" "><subfield code="a">Collation: ii, 26 IV (216), III+1 (223), II (227), ii ; chiefly quaternions ; catchwords present ; pagination in pencil, Western numerals, supplied during cataloguing.</subfield></datafield><datafield tag="500" ind1=" " ind2=" "><subfield code="a">Colophon: "Scribal," triangular, in Arabic and Persian, reads: "تمت الکتاب بعون الله الملک الوهاب بتاریخ یوم هفتم شهر رمضان المبارک سنه ۱۲۶٥ هزار و دویست و شصت و پنج هجری در قصبه اشتان حرره محمد تقی" followed by scribal verses.</subfield></datafield><datafield tag="500" ind1=" " ind2=" "><subfield code="a">Explicit: "منم از قاضیان مشار الیه وان دگر کیر ماست عز علیه"</subfield></datafield><datafield tag="500" ind1=" " ind2=" "><subfield code="a">Incipit: "مقدری نه بالت بقدرت مطلق کند ز شکل بخاری چو کنبد ازرق ..."</subfield></datafield><datafield tag="500" ind1=" " ind2=" "><subfield code="a">Title from fore-edge.</subfield></datafield><datafield tag="500" ind1=" " ind2=" "><subfield code="a">Ms. codex.</subfield></datafield><datafield tag="510" ind1="4" ind2=" "><subfield code="a">[Klepikov, Sokrat Aleksandrovich] = Клепиков, С.А. Филиграни и штемпели на бумаге русского и иностранного производства XVII-XX вв [= Watermarks and stamps in paper of Russian and foreign production of the XVII-XX centuries] (Москва: Изд-во Всесоюзной Книжной палаты, 1959),</subfield><subfield code="c">p.38</subfield></datafield><datafield tag="510" ind1="4" ind2=" "><subfield code="a">Anvarī, Awḥad al-Dīn. Dīvān-i Anvarī, ed. Saʻīd Nafīsī. Tehran, 1959.</subfield></datafield><datafield tag="510" ind1="4" ind2=" "><subfield code="a">Cat. Pers. MSS. Brit Mus.,</subfield><subfield code="c">p. 554</subfield></datafield><datafield tag="520" ind1="8" ind2=" "><subfield code="a">Fine copy of collected poems (mainly his qaṣāyid and muqaṭṭaʻāt without systematic arrangement) of Awḥad al-Dīn Anvarī (d.1189 or 90).</subfield></datafield><datafield tag="538" ind1=" " ind2=" "><subfield code="a">Mode of access: Internet.</subfield></datafield><datafield tag="541" ind1=" " ind2=" "><subfield code="c">Purchase ;</subfield><subfield code="a">Acquired by purchase (funds donated by Horace Rackham).</subfield><subfield code="d">1924.</subfield></datafield><datafield tag="546" ind1=" " ind2=" "><subfield code="a">Persian.</subfield></datafield><datafield tag="561" ind1=" " ind2=" "><subfield code="a">On fol.227a (p.453) an oval seal impression in black ink with inscription "ما اقا حسن...؟" and accompanied by ownership statement dated 25 Dhū al-Qaʻdah 1304 [ca. 15 August 1887] in the name of Shaykh Muḥammad Ḥasan (شيخ محمد حسن), reads "این کتاب مال اقل خلایق شیخ محمد حسن است فی یوم پنج شنبه ۲٥ ذی قعده ١٣٠۴" ; seal impression is repeated on fol.227b (p.454) ; former ineventory mark on verso of front flyleaf "100 T. De M. [i.e. Tammaro De Marinis" ; a few marginal corrections (mainly supplying omissions, some in red ink), a few notabilia (side-heads), otherwise very clean copy.</subfield></datafield><datafield tag="650" ind1=" " ind2="0"><subfield code="a">Manuscripts, Persian</subfield><subfield code="z">Michigan</subfield><subfield code="z">Ann Arbor.</subfield></datafield><datafield tag="650" ind1=" " ind2="0"><subfield code="a">Persian poetry</subfield><subfield code="y">747-1500.</subfield></datafield><datafield tag="655" ind1=" " ind2="7"><subfield code="a">Headpieces (layout features)</subfield><subfield code="y">19th century.</subfield><subfield code="2">aat</subfield></datafield><datafield tag="700" ind1="0" ind2=" "><subfield code="a">Abdülhamid</subfield><subfield code="b">II,</subfield><subfield code="c">Sultan of the Turks,</subfield><subfield code="d">1842-1918,</subfield><subfield code="e">former owner.</subfield></datafield><datafield tag="700" ind1="0" ind2=" "><subfield code="6">880-05</subfield><subfield code="a">Muḥammad Ḥasan,</subfield><subfield code="d">fl. 1887,</subfield><subfield code="e">former owner.</subfield></datafield><datafield tag="700" ind1="0" ind2=" "><subfield code="6">880-04</subfield><subfield code="a">Muḥammad Taqī,</subfield><subfield code="d">fl. 1849,</subfield><subfield code="e">scribe.</subfield></datafield><datafield tag="773" ind1="0" ind2=" "><subfield code="a">Abdul Hamid Collection.</subfield></datafield><datafield tag="880" ind1="0" ind2=" "><subfield code="6">700-05/</subfield><subfield code="a">محمد حسن,</subfield><subfield code="e">مالك سابق.</subfield></datafield><datafield tag="880" ind1="0" ind2=" "><subfield code="6">700-04/</subfield><subfield code="a">محمد تقي,</subfield><subfield code="e">ناسخ.</subfield></datafield><datafield tag="880" ind1="1" ind2="0"><subfield code="6">245-02/</subfield><subfield code="a">دیوان انوری,</subfield><subfield code="f">[1265ه, 1849م].</subfield></datafield><datafield tag="880" ind1="1" ind2=" "><subfield code="6">100-01/</subfield><subfield code="a">انواري, اوحد الدين.</subfield></datafield><datafield tag="CID" ind1=" " ind2=" "><subfield code="a">006805782</subfield></datafield><datafield tag="DAT" ind1="0" ind2=" "><subfield code="a">20190719102637.0</subfield><subfield code="b">20190719000000.0</subfield></datafield><datafield tag="DAT" ind1="1" ind2=" "><subfield code="a">20190719090653.0</subfield><subfield code="b">2019-07-19T16:11:37Z</subfield></datafield><datafield tag="DAT" ind1="2" ind2=" "><subfield code="a">2015-10-10T18:00:06Z</subfield></datafield><datafield tag="CAT" ind1=" " ind2=" "><subfield code="a">SDR-MIU</subfield><subfield code="d">EX LIBRIS - ALEPH</subfield><subfield code="l">prepare.pl-004-008</subfield></datafield><datafield tag="FMT" ind1=" " ind2=" "><subfield code="a">BK</subfield></datafield><datafield tag="HOL" ind1=" " ind2=" "><subfield code="0">sdr-miu006805782</subfield><subfield code="a">MiU</subfield><subfield code="b">SDR</subfield><subfield code="c">MIU</subfield><subfield code="p">mdp.39015079127570</subfield><subfield code="s">MIU</subfield><subfield code="1">006805782</subfield></datafield><datafield tag="974" ind1=" " ind2=" "><subfield code="b">MIU</subfield><subfield code="c">MIU</subfield><subfield code="d">20190719</subfield><subfield code="s">lit-dlps-dc</subfield><subfield code="u">mdp.39015079127570</subfield><subfield code="y">1849</subfield><subfield code="r">pd</subfield><subfield code="q">bib</subfield><subfield code="t">non-US bib date1 &lt; 1879</subfield></datafield></record></collection>